<record><leader>00000cas a2200000 a 4500</leader><controlfield tag="001">11973975</controlfield><controlfield tag="007">hd bfb---buuu</controlfield><controlfield tag="008">850427d18411843mauwr n a     0   a0eng c</controlfield><datafield ind1=" " ind2=" " tag="010"><subfield code="a">  2011252994</subfield></datafield><datafield ind1=" " ind2=" " tag="040"><subfield code="a">TJC</subfield><subfield code="b">eng</subfield><subfield code="c">TJC</subfield><subfield code="d">OCL</subfield><subfield code="d">OCLCQ</subfield><subfield code="d">OCLCG</subfield><subfield code="d">WAU</subfield><subfield code="d">DLC</subfield><subfield code="d">OCLCF</subfield><subfield code="d">OCLCO</subfield><subfield code="d">OCLCQ</subfield></datafield><datafield ind1=" " ind2=" " tag="042"><subfield code="a">pcc</subfield></datafield><datafield ind1=" " ind2=" " tag="043"><subfield code="a">n-us-ma</subfield></datafield><datafield ind1=" " ind2="4" tag="050"><subfield code="a">AP2</subfield><subfield code="b">.B79</subfield></datafield><datafield ind1="0" ind2="0" tag="245"><subfield code="a">Quarto Boston notion or, Roberts' weekly journal of American and foreign literature, fine arts, and general news.</subfield></datafield><datafield ind1="1" ind2=" " tag="246"><subfield code="a">Boston notion</subfield></datafield><datafield ind1="1" ind2=" " tag="246"><subfield code="a">Roberts' weekly journal of American and foreign literature, fine arts, and general news</subfield></datafield><datafield ind1="1" ind2=" " tag="246"><subfield code="a">Quarto notion, or Roberts' weekly journal of American and foreign literature, fine arts, and general news</subfield></datafield><datafield ind1=" " ind2=" " tag="260"><subfield code="a">Boston, Mass. :</subfield><subfield code="b">George Roberts</subfield></datafield><datafield ind1=" " ind2=" " tag="300"><subfield code="a">8 volumes :</subfield><subfield code="b">illustrations ;</subfield><subfield code="c">42 cm</subfield></datafield><datafield ind1=" " ind2=" " tag="310"><subfield code="a">Weekly</subfield></datafield><datafield ind1=" " ind2=" " tag="336"><subfield code="a">text</subfield><subfield code="b">txt</subfield><subfield code="2">rdacontent</subfield></datafield><datafield ind1=" " ind2=" " tag="337"><subfield code="a">microform</subfield><subfield code="b">h</subfield><subfield code="2">rdamedia</subfield></datafield><datafield ind1=" " ind2=" " tag="338"><subfield code="a">microfilm reel</subfield><subfield code="b">hd</subfield><subfield code="2">rdacarrier</subfield></datafield><datafield ind1="1" ind2=" " tag="362"><subfield code="a">Began with: Vol. 1, no. 1 (Oct. 9, 1841); ceased with: v. 8, no. 257 (Apr. 15, 1843).</subfield></datafield><datafield ind1=" " ind2=" " tag="500"><subfield code="a">"Boston" appears in title ornament.</subfield></datafield><datafield ind1=" " ind2=" " tag="500"><subfield code="a">Editors: 1841-1842, G. Roberts.--1842-1843, L.F. Tasistro.--1843, G. Roberts.</subfield></datafield><datafield ind1=" " ind2=" " tag="500"><subfield code="a">"The Quarto notion ... will contain each week all the matter that appears in the folio Notion of the same week." Cf. Vol. 1, no. 1, p. 7.</subfield></datafield><datafield ind1=" " ind2=" " tag="515"><subfield code="a">Volume numbering very irregular after Nov. 12, 1842.</subfield></datafield><datafield ind1=" " ind2=" " tag="525"><subfield code="a">July 16, 1842 issue accompanied by an extra (numbered Vol. 1, no. 1) containing a complete novel, Sir E. Bulwer-Lytton's Night and morning.</subfield></datafield><datafield ind1=" " ind2=" " tag="580"><subfield code="a">Folio ed.: Boston notion (Boston, Mass. : 1839).</subfield></datafield><datafield ind1=" " ind2=" " tag="588"><subfield code="a">Description based on: Vol. 1, no. 1 (Oct. 9, 1841); title from masthead.</subfield></datafield><datafield ind1=" " ind2=" " tag="588"><subfield code="a">Latest issue consulted: Vol. 8, no. 257 (Apr. 15, 1843).</subfield></datafield><datafield ind1=" " ind2=" " tag="533"><subfield code="a">Microfilm.</subfield><subfield code="b">[S.l.] : Readex Microprint,</subfield><subfield code="d">1971.</subfield><subfield code="e">2 microfilm reels ; 35 mm.</subfield></datafield><datafield ind1=" " ind2="0" tag="651"><subfield code="a">Boston (Mass.)</subfield><subfield code="v">Newspapers.</subfield></datafield><datafield ind1=" " ind2="7" tag="651"><subfield code="a">Massachusetts</subfield><subfield code="z">Boston.</subfield><subfield code="2">fast</subfield><subfield code="0">(OCoLC)fst01205012</subfield></datafield><datafield ind1=" " ind2="7" tag="655"><subfield code="a">Newspapers.</subfield><subfield code="2">fast</subfield><subfield code="0">(OCoLC)fst01423814</subfield></datafield><datafield ind1="1" ind2=" " tag="700"><subfield code="a">Roberts, George.</subfield></datafield><datafield ind1="1" ind2=" " tag="700"><subfield code="a">Tasistro, Louis F.</subfield><subfield code="q">(Louis Fitzgerald),</subfield><subfield code="d">1808-1868.</subfield></datafield><datafield ind1=" " ind2=" " tag="752"><subfield code="a">United States</subfield><subfield code="b">Massachusetts</subfield><subfield code="c">Suffolk</subfield><subfield code="d">Boston.</subfield></datafield><datafield ind1="0" ind2=" " tag="775"><subfield code="t">Boston daily times (Boston, Mass. : 1839)</subfield></datafield><datafield ind1="1" ind2=" " tag="775"><subfield code="t">Boston notion (Boston, Mass. : 1839)</subfield></datafield></record>